<?xml version="1.0" encoding="UTF-8"?><record xmlns="http://www.loc.gov/MARC21/slim" xmlns:cinclude="http://apache.org/cocoon/include/1.0" xmlns:zs="http://www.loc.gov/zing/srw/">
  <leader>00419nz  a2200121n  4500</leader>
  <controlfield tag="001">n 2003090152</controlfield>
  <controlfield tag="003">DLC</controlfield>
  <controlfield tag="005">20031103154251.0</controlfield>
  <controlfield tag="008">031103n| acannaabn          |n aaa      </controlfield>
  <datafield tag="010" ind1=" " ind2=" ">
    <subfield code="a">n 2003090152</subfield>
  </datafield>
  <datafield tag="040" ind1=" " ind2=" ">
    <subfield code="a">DLC</subfield>
    <subfield code="b">eng</subfield>
    <subfield code="c">DLC</subfield>
  </datafield>
  <datafield tag="100" ind1="1" ind2=" ">
    <subfield code="a">Farrar, Edith Biggs</subfield>
  </datafield>
  <datafield tag="670" ind1=" " ind2=" ">
    <subfield code="a">NUCMC data from Lincoln Public Library for Her Lincoln founding families collection, 1930-1990</subfield>
    <subfield code="b">(Edith Biggs Farrar; library director, Lincoln Public Library)</subfield>
  </datafield>
</record>